@article{annamalai2023JC,
  title   = {{{ENSO-induced}} Teleconnection: Process-Oriented Diagnostics to Assess Rossby Wave Sources and Ambient Flow Properties in Climate Models},
  author  = {Annamalai, H. and Neale, Richard B. and Hafner, Jan},
  year    = {2023},
  journal = {Journal of Climate},
  volume  = {36},
  number  = {9},
  pages   = {3015--3041},
  doi     = {10.1175/JCLI-D-22-0346.1}
}

@article{apeh2021S,
  title   = {Monthly, Seasonal and Yearly Assessments of Global Solar Radiation, Clearness Index and Diffuse Fractions in {{Alice}}, {{South Africa}}},
  author  = {Apeh, Oliver O. and Overen, Ochuko K. and Meyer, Edson L.},
  year    = {2021},
  journal = {Sustainability},
  volume  = {13},
  number  = {4},
  pages   = {2135},
  doi     = {10.3390/su13042135}
}

@article{bjerknes1969MWR,
  title   = {Atmospheric Teleconnections from the Equatorial {{Pacific}}},
  author  = {Bjerknes, J.},
  year    = {1969},
  journal = {Monthly Weather Review},
  volume  = {97},
  number  = {3},
  pages   = {163--172},
  doi     = {10.1175/1520-0493(1969)097<0163:ATFTEP>2.3.CO;2}
}

@article{che2005GRL,
  title   = {Analysis of 40 Years of Solar Radiation Data from {{China}}, 1961{\textendash}2000},
  author  = {Che, H. Z. and Shi, G. Y. and Zhang, X. Y. and Arimoto, R. and Zhao, J. Q. and Xu, L. and Wang, B. and Chen, Z. H.},
  year    = {2005},
  journal = {Geophysical Research Letters},
  volume  = {32},
  number  = {6},
  pages   = {L06803},
  doi     = {10.1029/2004GL022322}
}

@article{chen2012CJOL,
  title   = {{{ENSO}} Cycle and Climate Anomaly in {{China}}},
  author  = {Chen, Yongli and Zhao, Yongping and Feng, Junqiao and Wang, Fan},
  year    = {2012},
  journal = {Chinese Journal of Oceanology and Limnology},
  volume  = {30},
  number  = {6},
  pages   = {985--1000},
  doi     = {10.1007/s00343-012-1245-1}
}

@article{chen2012JC,
  title   = {Excitation Mechanisms of the Teleconnection Patterns Affecting the {{July}} Precipitation in {{Northwest China}}},
  author  = {Chen, Guosen and Huang, Ronghui},
  year    = {2012},
  journal = {Journal of Climate},
  volume  = {25},
  number  = {22},
  pages   = {7834--7851},
  doi     = {10.1175/JCLI-D-11-00684.1}
}

@article{chen2022AOSL,
  title   = {Long-Term Change in Low-Cloud Cover in {{Southeast China}} during Cold Seasons},
  author  = {Chen, Zhe and Wang, Minghuai and Zhang, Haipeng and Lin, Shuheng and Guo, Zhun and Jiang, Yiquan and Zhou, Chen},
  year    = {2022},
  journal = {Atmospheric and Oceanic Science Letters},
  volume  = {15},
  number  = {6},
  pages   = {100222},
  doi     = {10.1016/j.aosl.2022.100222}
}

@article{cooper1969SE,
  title   = {The Absorption of Radiation in Solar Stills},
  author  = {Cooper, P. I.},
  year    = {1969},
  journal = {Solar Energy},
  volume  = {12},
  number  = {3},
  pages   = {333--346},
  doi     = {10.1016/0038-092X(69)90047-4}
}

@article{ding2005MAP,
  title      = {The {{East Asian}} Summer Monsoon: An Overview},
  shorttitle = {The {{East Asian}} Summer Monsoon},
  author     = {Ding, Yihui and Chan, Johnny C. L.},
  year       = {2005},
  journal    = {Meteorology and Atmospheric Physics},
  volume     = {89},
  number     = {1},
  pages      = {117--142},
  doi        = {10.1007/s00703-005-0125-z}
}

@article{ding2017JGRA,
  title   = {Subtropical Westerly Jet Waveguide and Winter Persistent Heavy Rainfall in South {{China}}},
  author  = {Ding, Feng and Li, Chun},
  year    = {2017},
  journal = {Journal of Geophysical Research: Atmospheres},
  volume  = {122},
  number  = {14},
  pages   = {7385--7400},
  doi     = {10.1002/2017JD026530}
}

@article{duan2012AAS,
  title   = {Weather and Climate Effects of the {{Tibetan Plateau}}},
  author  = {Duan, Anmin and Wu, Guoxiong and Liu, Yimin and Ma, Yaoming and Zhao, Ping},
  year    = {2012},
  journal = {Advances in Atmospheric Sciences},
  volume  = {29},
  number  = {5},
  pages   = {978--992},
  doi     = {10.1007/s00376-012-1220-y}
}

@article{duan2023JC,
  title   = {Disentangling the Driving Mechanisms of the Tripole Mode of Summer Rainfall over Eastern {{China}}},
  author  = {Duan, Yawen and Yang, Qing and Ma, Zhuguo and Wu, Peili and Chen, Xiaolong and Duan, Jianping},
  year    = {2023},
  journal = {Journal of Climate},
  volume  = {36},
  number  = {4},
  pages   = {1175--1186},
  doi     = {10.1175/JCLI-D-22-0405.1}
}

@article{feng2016JGRA,
  title   = {Influences of {{El Ni{\~n}o Modoki}} Event 1994/1995 on Aerosol Concentrations over Southern {{China}}},
  author  = {Feng, Juan and Li, Jianping and Zhu, Jianlei and Liao, Hong},
  year    = {2016},
  journal = {Journal of Geophysical Research: Atmospheres},
  volume  = {121},
  number  = {4},
  pages   = {1637--1651},
  doi     = {10.1002/2015JD023659}
}

@article{feng2017JGRA,
  title   = {Simulated Contrasting Influences of Two {{La Ni{\~n}a Modoki}} Events on Aerosol Concentrations over Eastern {{China}}},
  author  = {Feng, Juan and Li, Jianping and Zhu, Jianlei and Liao, Hong and Yang, Yang},
  year    = {2017},
  journal = {Journal of Geophysical Research: Atmospheres},
  volume  = {122},
  number  = {5},
  pages   = {2734--2749},
  doi     = {10.1002/2016JD026175}
}

@article{gu2022ACCR,
  title   = {Extreme Precipitation over Northern {{China}} in Autumn 2021 and Joint Contributions of Tropical and Mid-Latitude Factors},
  author  = {Gu, Wei and Chen, Li-Juan and Wang, Yong-Guang and Gao, Hui and Wang, Lin and Liu, Yu-Yun},
  year    = {2022},
  journal = {Advances in Climate Change Research},
  volume  = {13},
  number  = {6},
  pages   = {835--842},
  doi     = {10.1016/j.accre.2022.11.008}
}

@article{he2020SD,
  title   = {The First High-Resolution Meteorological Forcing Dataset for Land Process Studies over {{China}}},
  author  = {He, Jie and Yang, Kun and Tang, Wenjun and Lu, Hui and Qin, Jun and Chen, Yingying and Li, Xin},
  year    = {2020},
  journal = {Scientific Data},
  volume  = {7},
  number  = {1},
  pages   = {25},
  doi     = {10.1038/s41597-020-0369-y}
}

@article{hersbach2020QJRMS,
  title   = {The {{ERA5}} Global Reanalysis},
  author  = {Hersbach, Hans and Bell, Bill and Berrisford, Paul and Hirahara, Shoji and Hor{\'a}nyi, Andr{\'a}s and Mu{\~n}oz-Sabater, Joaqu{\'i}n and Nicolas, Julien and Peubey, Carole and Radu, Raluca and Schepers, Dinand and Simmons, Adrian and Soci, Cornel and Abdalla, Saleh and Abellan, Xavier and Balsamo, Gianpaolo and Bechtold, Peter and Biavati, Gionata and Bidlot, Jean and Bonavita, Massimo and Chiara, Giovanna De and Dahlgren, Per and Dee, Dick and Diamantakis, Michail and Dragani, Rossana and Flemming, Johannes and Forbes, Richard and Fuentes, Manuel and Geer, Alan and Haimberger, Leo and Healy, Sean and Hogan, Robin J. and H{\'o}lm, El{\'i}as and Janiskov{\'a}, Marta and Keeley, Sarah and Laloyaux, Patrick and Lopez, Philippe and Lupu, Cristina and Radnoti, Gabor and de Rosnay, Patricia and Rozum, Iryna and Vamborg, Freja and Villaume, Sebastien and Th{\'e}paut, Jean-No{\"e}l},
  year    = {2020},
  journal = {Quarterly Journal of the Royal Meteorological Society},
  volume  = {146},
  number  = {730},
  pages   = {1999--2049},
  doi     = {10.1002/qj.3803}
}

@article{hrudya2021MAP,
  title   = {A Review on the {{Indian}} Summer Monsoon Rainfall, Variability and Its Association with {{ENSO}} and {{IOD}}},
  author  = {Hrudya, P. H. and Varikoden, Hamza and Vishnu, R.},
  year    = {2021},
  journal = {Meteorology and Atmospheric Physics},
  volume  = {133},
  number  = {1},
  pages   = {1--14},
  doi     = {10.1007/s00703-020-00734-5}
}

@article{hu2023CD,
  title   = {Interdecadal Wind Stress Variability over the Tropical {{Pacific}} Causes {{ENSO}} Diversity in an Intermediate Coupled Model},
  author  = {Hu, Junya and Wang, Hongna and Gao, Chuan and Zhou, Lu and Zhang, Rong-Hua},
  year    = {2023},
  journal = {Climate Dynamics},
  volume  = {60},
  number  = {5},
  pages   = {1831--1847},
  doi     = {10.1007/s00382-022-06414-x}
}

@article{huang1989AAS,
  title   = {The Influence of {{ENSO}} on the Summer Climate Change in {{China}} and Its Mechanism},
  author  = {Huang, Ronghui and Wu, Yifang},
  year    = {1989},
  journal = {Advances in Atmospheric Sciences},
  volume  = {6},
  number  = {1},
  pages   = {21--32},
  doi     = {10.1007/BF02656915}
}

@article{huang2012AAS,
  title   = {Characteristics, Processes, and Causes of the Spatio-Temporal Variabilities of the {{East Asian}} Monsoon System},
  author  = {Huang, Ronghui and Chen, Jilong and Wang, Lin and Lin, Zhongda},
  year    = {2012},
  journal = {Advances in Atmospheric Sciences},
  volume  = {29},
  number  = {5},
  pages   = {910--942},
  doi     = {10.1007/s00376-012-2015-x}
}

@article{jin2009JGRA,
  title   = {Cloudiness Characteristics over {{Southeast Asia}} from Satellite {{FY-2C}} and Their Comparison to Three Other Cloud Data Sets},
  author  = {Jin, Xia and Wu, Tongwen and Li, Laurent and Shi, Chunxiang},
  year    = {2009},
  journal = {Journal of Geophysical Research: Atmospheres},
  volume  = {114},
  number  = {D17},
  pages   = {D17207},
  doi     = {10.1029/2008JD011422}
}

@article{julian1978MWR,
  title   = {A Study of the {{Southern Oscillation}} and Walker Circulation Phenomenon},
  author  = {Julian, Paul R. and Chervin, Robert M.},
  year    = {1978},
  journal = {Monthly Weather Review},
  volume  = {106},
  number  = {10},
  pages   = {1433--1451},
  doi     = {10.1175/1520-0493(1978)106<1433:ASOTSO>2.0.CO;2}
}

@article{jung2016A,
  title   = {Spatio-Temporal Characteristics in the Clearness Index Derived from Global Solar Radiation Observations in Korea},
  author  = {Jung, Yeonjin and Lee, Hana and Kim, Jaemin and Cho, Youngbum and Kim, Jhoon and Lee, Yun Gon},
  year    = {2016},
  journal = {Atmosphere},
  volume  = {7},
  number  = {4},
  pages   = {55},
  doi     = {10.3390/atmos7040055}
}

@article{kane2004IJC,
  title   = {Comparison of Stratospheric Zonal Winds and {{El Ni{\~n}o}}{\textendash}{{Southern Oscillation}} in Recent Decades},
  author  = {Kane, R. P.},
  year    = {2004},
  journal = {International Journal of Climatology},
  volume  = {24},
  number  = {4},
  pages   = {525--532},
  doi     = {10.1002/joc.1004}
}

@article{kiehl1997BAMS,
  title   = {Earth's Annual Global Mean Energy Budget},
  author  = {Kiehl, J. T. and Trenberth, Kevin E.},
  year    = {1997},
  journal = {Bulletin of the American Meteorological Society},
  volume  = {78},
  number  = {2},
  pages   = {197--208},
  doi     = {10.1175/1520-0477(1997)078<0197:EAGMEB>2.0.CO;2},
  urldate = {2023-12-21}
}

@article{klein1993JC,
  title   = {The Seasonal Cycle of Low Stratiform Clouds},
  author  = {Klein, Stephen A. and Hartmann, Dennis L.},
  year    = {1993},
  journal = {Journal of Climate},
  volume  = {6},
  number  = {8},
  pages   = {1587--1606},
  doi     = {10.1175/1520-0442(1993)006<1587:TSCOLS>2.0.CO;2}
}

@article{kousky2007WF,
  title   = {An Alert Classification System for Monitoring and Assessing the {{ENSO}} Cycle},
  author  = {Kousky, V. E. and Higgins, R. W.},
  year    = {2007},
  journal = {Weather and Forecasting},
  volume  = {22},
  number  = {2},
  pages   = {353--371},
  doi     = {10.1175/WAF987.1}
}

@article{latif1998JGRO,
  title   = {A Review of the Predictability and Prediction of {{ENSO}}},
  author  = {Latif, M. and Anderson, D. and Barnett, T. and Cane, M. and Kleeman, R. and Leetmaa, A. and O'Brien, J. and Rosati, A. and Schneider, E.},
  year    = {1998},
  journal = {Journal of Geophysical Research: Oceans},
  volume  = {103},
  number  = {C7},
  pages   = {14375--14393},
  doi     = {10.1029/97JC03413}
}

@article{lauret2022S,
  title      = {Solar Forecasts Based on the Clear Sky Index or the Clearness Index: Which Is Better?},
  shorttitle = {Solar Forecasts Based on the Clear Sky Index or the Clearness Index},
  author     = {Lauret, Philippe and {Alonso-Su{\'a}rez}, Rodrigo and Le Gal La Salle, Josselin and David, Mathieu},
  year       = {2022},
  journal    = {Solar},
  volume     = {2},
  number     = {4},
  pages      = {432--444},
  doi        = {10.3390/solar2040026}
}


@article{li2015AASa,
  title   = {Role of the Subtropical Westerly Jet Waveguide in a Southern {{China}} Heavy Rainstorm in {{December}} 2013},
  author  = {Li, Chun and Sun, Jilin},
  year    = {2015},
  journal = {Advances in Atmospheric Sciences},
  volume  = {32},
  number  = {5},
  pages   = {601--612},
  doi     = {10.1007/s00376-014-4099-y}
}

@article{li2021CDb,
  title   = {Inter-Annual Variability of Spring Precipitation over the {{Indo-China Peninsula}} and Its Asymmetric Relationship with {{El Ni{\~n}o-Southern Oscillation}}},
  author  = {Li, Gen and Gao, Chujie and Lu, Bo and Chen, Haishan},
  year    = {2021},
  journal = {Climate Dynamics},
  volume  = {56},
  number  = {7},
  pages   = {2651--2665},
  doi     = {10.1007/s00382-020-05609-4}
}

@article{lin2019SR,
  title   = {A New Picture of the Global Impacts of {{El Nino-Southern Oscillation}}},
  author  = {Lin, Jialin and Qian, Taotao},
  year    = {2019},
  journal = {Scientific Reports},
  volume  = {9},
  number  = {1},
  pages   = {17543},
  doi     = {10.1038/s41598-019-54090-5}
}

@article{liu1960SE,
  title   = {The Interrelationship and Characteristic Distribution of Direct, Diffuse and Total Solar Radiation},
  author  = {Liu, Benjamin Y.H. and Jordan, Richard C.},
  year    = {1960},
  journal = {Solar Energy},
  volume  = {4},
  number  = {3},
  pages   = {1--19},
  doi     = {10.1016/0038-092X(60)90062-1}
}

@article{lu2019ASL,
  title   = {Impact of {{El Ni{\~n}o}} and {{Southern Oscillation}} on the Summer Precipitation over {{Northwest China}}},
  author  = {Lu, Bo and Li, Haiyan and Wu, Jie and Zhang, Taixi and Liu, Jing and Liu, Bao and Chen, Ying and Baishan, Jiazila},
  year    = {2019},
  journal = {Atmospheric Science Letters},
  volume  = {20},
  number  = {8},
  pages   = {e928},
  doi     = {10.1002/asl.928}
}

@article{maruyama1988JMSJ,
  title   = {Anomalously Short Duration of the Easterly Wind Phase of the {{QBO}} at {{50hPa}} in 1987 and Its Relationship to an {{El Ni{\~n}o}} Event},
  author  = {Maruyama, Taketo and Tsuneoka, Yoshie},
  year    = {1988},
  journal = {Journal of the Meteorological Society of Japan. Ser. II},
  volume  = {66},
  number  = {4},
  pages   = {629--634},
  doi     = {10.2151/jmsj1965.66.4_629}
}

@article{olukemisoneye2021A,
  title   = {Evaluation of Clearness Index and Cloudiness Index Using Measured Global Solar Radiation Data: {{A}} Case Study for a Tropical Climatic Region of {{Nigeria}}},
  author  = {Olukemi Soneye, Olanrewaju},
  year    = {2021},
  journal = {Atm{\'o}sfera},
  volume  = {34},
  number  = {1},
  pages   = {25--39},
  doi     = {10.20937/atm.52796}
}

@article{perez1990SE,
  title   = {Making Full Use of the Clearness Index for Parameterizing Hourly Insolation Conditions},
  author  = {Perez, R. and Ineichen, P. and Seals, R. and Zelenka, A.},
  year    = {1990},
  journal = {Solar Energy},
  volume  = {45},
  number  = {2},
  pages   = {111--114},
  doi     = {10.1016/0038-092X(90)90036-C}
}

@book{philander1989,
  title     = {El {{Ni{\~n}o}}, {{La Ni{\~n}a}}, and the {{Southern Oscillation}}},
  author    = {Philander, S. George},
  year      = {1989},
  series    = {International {{Geophysics}}},
  volume    = {46},
  publisher = {{Academic Press}},
  address   = {{London, UK}},
  isbn      = {978-0-08-057098-3}
}

@article{rasmusson1982MWR,
  title   = {Variations in Tropical Sea Surface Temperature and Surface Wind Fields Associated with the {{Southern Oscillation}}/{{El Ni{\~n}o}}},
  author  = {Rasmusson, Eugene M. and Carpenter, Thomas H.},
  year    = {1982},
  journal = {Monthly Weather Review},
  volume  = {110},
  number  = {5},
  pages   = {354--384},
  doi     = {10.1175/1520-0493(1982)110<0354:VITSST>2.0.CO;2}
}

@article{sun2018JGRA,
  title   = {Modulation of the {{ENSO}} on Winter Aerosol Pollution in the Eastern Region of China},
  author  = {Sun, Jiaren and Li, Haiyan and Zhang, Wenjun and Li, Tairu and Zhao, Wei and Zuo, Zhiyan and Guo, Shu and Wu, Dui and Fan, Shaojia},
  year    = {2018},
  journal = {Journal of Geophysical Research: Atmospheres},
  volume  = {123},
  number  = {21},
  pages   = {11,952--11,969},
  doi     = {10.1029/2018JD028534}
}

@article{tang2016ACP,
  title   = {Retrieving High-Resolution Surface Solar Radiation with Cloud Parameters Derived by Combining {{MODIS}} and {{MTSAT}} Data},
  author  = {Tang, Wenjun and Qin, Jun and Yang, Kun and Liu, Shaomin and Lu, Ning and Niu, Xiaolei},
  year    = {2016},
  journal = {Atmospheric Chemistry and Physics},
  volume  = {16},
  number  = {4},
  pages   = {2543--2557},
  doi     = {10.5194/acp-16-2543-2016}
}

@article{trenberth1998JGRO,
  title   = {Progress during {{TOGA}} in Understanding and Modeling Global Teleconnections Associated with Tropical Sea Surface Temperatures},
  author  = {Trenberth, Kevin E. and Branstator, Grant W. and Karoly, David and Kumar, Arun and Lau, Ngar-Cheung and Ropelewski, Chester},
  year    = {1998},
  journal = {Journal of Geophysical Research: Oceans},
  volume  = {103},
  number  = {C7},
  pages   = {14291--14324},
  doi     = {10.1029/97JC01444}
}

@article{udo2000SE,
  title   = {Sky Conditions at {{Ilorin}} as Characterized by Clearness Index and Relative Sunshine},
  author  = {Udo, S. O.},
  year    = {2000},
  journal = {Solar Energy},
  volume  = {69},
  number  = {1},
  pages   = {45--53},
  doi     = {10.1016/S0038-092X(00)00008-6}
}

@article{wallace1998JGRO,
  title   = {On the Structure and Evolution of {{ENSO-related}} Climate Variability in the Tropical {{Pacific}}: {{Lessons}} from {{TOGA}}},
  author  = {Wallace, J. M. and Rasmusson, E. M. and Mitchell, T. P. and Kousky, V. E. and Sarachik, E. S. and {von Storch}, H.},
  year    = {1998},
  journal = {Journal of Geophysical Research: Oceans},
  volume  = {103},
  number  = {C7},
  pages   = {14241--14259},
  doi     = {10.1029/97JC02905}
}

@article{walker1928MWR,
  title   = {World Weather},
  author  = {Walker, Gilbert},
  year    = {1928},
  journal = {Monthly Weather Review},
  volume  = {56},
  number  = {5},
  pages   = {167--170},
  doi     = {10.1175/1520-0493(1928)56<167:WW>2.0.CO;2}
}

@article{wang2012JGRA,
  title      = {Climate Control for Southeastern {{China}} Moisture and Precipitation: {{Indian}} or {{East Asian}} Monsoon?},
  shorttitle = {Climate Control for Southeastern {{China}} Moisture and Precipitation},
  author     = {Wang, Huijun and Chen, Huopo},
  year       = {2012},
  journal    = {Journal of Geophysical Research: Atmospheres},
  volume     = {117},
  number     = {D12},
  pages      = {D12109},
  doi        = {10.1029/2012JD017734}
}

@article{wang2017IJC,
  title   = {Variability of Precipitation Extremes and Dryness/Wetness over the Southeast Coastal Region of {{China}}, 1960{\textendash}2014},
  author  = {Wang, Ren and Chen, Jianyao and Chen, Xingwei and Wang, Yuefeng},
  year    = {2017},
  journal = {International Journal of Climatology},
  volume  = {37},
  number  = {13},
  pages   = {4656--4669},
  doi     = {10.1002/joc.5113}
}

@article{wang2018IJCa,
  title      = {Precipitation over the {{Tibetan Plateau}} during Recent Decades: A Review Based on Observations and Simulations},
  shorttitle = {Precipitation over the {{Tibetan Plateau}} during Recent Decades},
  author     = {Wang, Xuejia and Pang, Guojin and Yang, Meixue},
  year       = {2018},
  journal    = {International Journal of Climatology},
  volume     = {38},
  number     = {3},
  pages      = {1116--1131},
  doi        = {10.1002/joc.5246}
}

@article{wu2009JC,
  title   = {Seasonally Evolving Dominant Interannual Variability Modes of {{East Asian}} Climate},
  author  = {Wu, Bo and Zhou, Tianjun and Li, Tim},
  year    = {2009},
  journal = {Journal of Climate},
  volume  = {22},
  number  = {11},
  pages   = {2992--3005},
  doi     = {10.1175/2008JCLI2710.1}
}

@article{wu2010JGRA,
  title   = {Changes in the Relationship between Northeast {{China}} Summer Temperature and {{ENSO}}},
  author  = {Wu, Renguang and Yang, Song and Liu, Shi and Sun, Li and Lian, Yi and Gao, Zongting},
  year    = {2010},
  journal = {Journal of Geophysical Research: Atmospheres},
  volume  = {115},
  number  = {D21},
  pages   = {D21107},
  doi     = {10.1029/2010JD014422}
}

@article{wu2021ESS,
  title   = {Contribution of the {{Northeast}} Cold Vortex Index and Multiscale Synergistic Indices to Extreme Precipitation over Northeast {{China}}},
  author  = {Wu, Xianghua and Meng, Fangxiu and Liu, Peng and Zhou, Jieqin and Liu, Duanyang and Xie, Kang and Zhu, Qihao and Hu, Jingbiao and Sun, Haiyan and Xing, Fengjuan},
  year    = {2021},
  journal = {Earth and Space Science},
  volume  = {8},
  number  = {1},
  pages   = {e2020EA001435},
  doi     = {10.1029/2020EA001435}
}

@article{yang2013JAS,
  title   = {{{ENSO}} Impact on {{Kelvin}} Waves and Associated Tropical Convection},
  author  = {Yang, Gui-Ying and Hoskins, Brian},
  year    = {2013},
  journal = {Journal of the Atmospheric Sciences},
  volume  = {70},
  number  = {11},
  pages   = {3513--3532},
  doi     = {10.1175/JAS-D-13-081.1}
}

@article{yang2008JAMS,
  title   = {Interannual Variation of Summer Precipitation in {{Xinjiang}} and {{Asian}} Subtropical Westerly Jet Stream},
  author  = {Yang, Lianmei and Zhang, Qingyun},
  year    = {2008},
  journal = {Journal of Applied Meteorological Science},
  volume  = {19},
  number  = {2},
  pages   = {171--179}
}

@article{yeh1950T,
  title   = {The Circulation of the High Troposphere over {{China}} in the Winter of 1945{\textendash}46},
  author  = {Yeh, Tu-Cheng},
  year    = {1950},
  journal = {Tellus},
  volume  = {2},
  number  = {3},
  pages   = {173--183},
  doi     = {10.3402/tellusa.v2i3.8548}
}

@article{yeh2018RG,
  title   = {{{ENSO}} Atmospheric Teleconnections and Their Response to Greenhouse Gas Forcing},
  author  = {Yeh, Sang-Wook and Cai, Wenju and Min, Seung-Ki and McPhaden, Michael J. and Dommenget, Dietmar and Dewitte, Boris and Collins, Matthew and Ashok, Karumuri and An, Soon-Il and Yim, Bo-Young and Kug, Jong-Seong},
  year    = {2018},
  journal = {Reviews of Geophysics},
  volume  = {56},
  number  = {1},
  pages   = {185--206},
  doi     = {10.1002/2017RG000568}
}

@article{yin2023FES,
  title      = {Role of the Subtropical Westerly Jet Wave Train in the Eastward-Moving Heavy Rainfall Event over Southern {{China}} in Winter: {{A}} Case Study},
  shorttitle = {Role of the Subtropical Westerly Jet Wave Train in the Eastward-Moving Heavy Rainfall Event over Southern {{China}} in Winter},
  author     = {Yin, Juyue and Yuan, Junpeng and Peng, Juan and Cao, Xiaohang and Duan, Wei and Nan, Yating and Mao, Mengni and Feng, Tao},
  year       = {2023},
  journal    = {Frontiers in Earth Science},
  volume     = {11},
  doi        = {10.3389/feart.2023.1107674}
}

@article{zhang1999AAS,
  title   = {A Diagnostic Study of the Impact of {{El Ni{\~n}o}} on the Precipitation in {{China}}},
  author  = {Zhang, Renhe and Sumi, Akimasa and Kimoto, Masahide},
  year    = {1999},
  journal = {Advances in Atmospheric Sciences},
  volume  = {16},
  number  = {2},
  pages   = {229--241},
  doi     = {10.1007/BF02973084}
}

@article{zhang2021FES,
  title   = {Summertime Moisture Sources and Transportation Pathways for {{China}} and Associated Atmospheric Circulation Patterns},
  author  = {Zhang, Ruonan and Chu, QuCheng and Zuo, Zhiyan and Qi, Yanjun},
  year    = {2021},
  journal = {Frontiers in Earth Science},
  volume  = {9},
  doi     = {10.3389/feart.2021.756943}
}

@article{zhao2022JC,
  title   = {Distinct Impacts of {{ENSO}} on Haze Pollution in the {{Beijing}}{\textendash}{{Tianjin}}{\textendash}{{Hebei}} Region between Early and Late Winters},
  author  = {Zhao, Wei and Chen, Shangfeng and Zhang, Hengde and Wang, Jikang and Chen, Wen and Wu, Renguang and Xing, Wanqiu and Wang, Zhibiao and Hu, Peng and Piao, Jinling and Ma, Tianjiao},
  year    = {2022},
  journal = {Journal of Climate},
  volume  = {35},
  number  = {2},
  pages   = {687--704},
  doi     = {10.1175/JCLI-D-21-0459.1}
}
